@phdthesis{杨旭2021基于,
  title={基于 WiFi 的室内人员非接触式感知方法研究},
  author={杨旭},
  year={2021},
  address={徐州},
  school={中国矿业大学}
}
@inproceedings{khurana2018deep,
  title={Deep learning approaches for human activity recognition in video surveillance-a survey},
  author={Khurana, Rajat and Kushwaha, Alok Kumar Singh},
  booktitle={2018 First International Conference on Secure Cyber Computing and Communication (ICSCCC)},
  pages={542--544},
  year={2018},
  organization={IEEE}
}
@inproceedings{baccouche2011sequential,
  title={Sequential deep learning for human action recognition},
  author={Baccouche, Moez and Mamalet, Franck and Wolf, Christian and Garcia, Christophe and Baskurt, Atilla},
  booktitle={Human Behavior Understanding: Second International Workshop, HBU 2011, Amsterdam, The Netherlands, November 16, 2011. Proceedings 2},
  pages={29--39},
  year={2011},
  organization={Springer}
}